<record><leader>00000cas a22000007a 4500</leader><controlfield tag="001">10124668</controlfield><controlfield tag="008">831114d19141986mtuwr ne      0   a0eng d</controlfield><datafield ind1=" " ind2=" " tag="010"><subfield code="a">sn 83009928 </subfield></datafield><datafield ind1=" " ind2=" " tag="040"><subfield code="a">NSD</subfield><subfield code="b">eng</subfield><subfield code="c">NSD</subfield><subfield code="d">MTL</subfield><subfield code="d">NSD</subfield><subfield code="d">OCLCQ</subfield></datafield><datafield ind1=" " ind2=" " tag="012"><subfield code="j">0</subfield><subfield code="m">d</subfield></datafield><datafield ind1="1" ind2=" " tag="022"><subfield code="a">0746-5610</subfield><subfield code="l">0746-5610</subfield><subfield code="2">1</subfield></datafield><datafield ind1=" " ind2=" " tag="037"><subfield code="b">Winnett Times, P.O. Box 747, Roundup, MT 59072</subfield></datafield><datafield ind1=" " ind2=" " tag="042"><subfield code="a">nsdp</subfield><subfield code="a">msc</subfield></datafield><datafield ind1=" " ind2="0" tag="222"><subfield code="a">Winnett times</subfield></datafield><datafield ind1="0" ind2="0" tag="245"><subfield code="a">Winnett times.</subfield></datafield><datafield ind1=" " ind2=" " tag="260"><subfield code="a">Winnett, Mont. :</subfield><subfield code="b">E.M. Berg,</subfield><subfield code="c">-1986.</subfield></datafield><datafield ind1=" " ind2=" " tag="300"><subfield code="a">70 v. :</subfield><subfield code="b">ill. ;</subfield><subfield code="c">37 cm.</subfield></datafield><datafield ind1=" " ind2=" " tag="310"><subfield code="a">Weekly</subfield></datafield><datafield ind1="0" ind2=" " tag="362"><subfield code="a">-70th year, no. 18 (Jan. 2, 1985 [i.e. 1986]).</subfield></datafield><datafield ind1="1" ind2=" " tag="362"><subfield code="a">"Established Sept. 2, 1914."</subfield></datafield><datafield ind1=" " ind2=" " tag="580"><subfield code="a">Merged with: Roundup record-tribune, to form: Roundup record-tribune &amp; Winnett times.</subfield></datafield><datafield ind1=" " ind2=" " tag="588"><subfield code="a">Description based on: Vol. 7, no. 42 (Apr. 1, 1921).</subfield></datafield><datafield ind1=" " ind2=" " tag="752"><subfield code="a">United States</subfield><subfield code="b">Montana</subfield><subfield code="c">Petroleum</subfield><subfield code="d">Winnett.</subfield></datafield><datafield ind1="1" ind2="7" tag="785"><subfield code="t">Roundup record-tribune</subfield><subfield code="x">0742-8294</subfield></datafield><datafield ind1="1" ind2="7" tag="785"><subfield code="t">Roundup record-tribune &amp; Winnett times</subfield><subfield code="x">0890-9660</subfield></datafield></record>